This file was created with JabRef 2.2.
Encoding: MacRoman

@ARTICLE{NIH2009,
  author = {NIH},
  title = {The NIH Human Microbiome Project},
  journal = {Genome Research},
  year = {2009},
  volume = {19},
  issue = {12},
  PMID = {19819907},
  pages = {2317–23},
  month = {December},
  url = {https://www.nih.gov/news-events/news-releases/nih-human-microbiome-project-defines-normal-bacterial-makeup-body}
}

@ARTICLE{Callahan2017,
  author = {BJ Callahan and PJ McMurdie and J Paul and SP Holmes},
  title = {Exact sequence variants should replace operational taxonomic units in marker-gene data analysis},
  journal = {ISME},
  year = {2017},
  volume = {11},
  pages = {2639},
  url = {https://www.nature.com/articles/ismej2017119  }
}

@ARTICLE{Callahan2016a,
  author = {BJ Callahan and PJ McMurdie and MJ Rosen and AW Han and AJ Johnson and S Holmes},
  title = {DADA2: high-resolution sample inference from Illumina amplicon data},
  journal = {Nat Methods},
  year = {2016a},
  volume = {13},
  pages = {581–583},
  url = {https://www.nature.com/articles/nmeth.3869 }
}

@ARTICLE{Harrison2019,
  author = {P.W. Harrison and B. Alako and C Amid and A. Cerdeno-Tarraga and I. Cleland and Sam Holt et al.},
  title = {The European Nucleotide Archive in 2018},
  journal = {Nucleic Acids Research},
  year = {2019},
  volume = {47},
  issue = {D1},
  pages = {D84-D88},
  url = {https://doi.org/10.1093/nar/gky1078}
}

@ARTICLE{Lozupone2013,
  author = {C.A. Lozupone and M Li and T.B. Campbell and S.C. Flores and D Linderman and M.J. Gebert et al.},
  title = {Alterations in the gut microbiota associated with HIV-1 infection},
  journal = {Cell Host Microbe},
  year = {2013},
  volume = {14},
  issue = {3},
  pages = {329-339},
  url = {https://www.sciencedirect.com/science/article/pii/S1931312813002886?via%3Dihub}
}

@ARTICLE{Cole2014,
  author = {J.R. Cole and Q. Wang and J.A. Fish and B Chai and D.M. McGarrell and Y. Sun et al.},
  title = {Ribosomal Database Project: data and tools for high throughput rRNA analysis},
  journal = {Nucleic Acids Research},
  year = {2014},
  volume = {42},
  issue = {D1},
  pages = {D633–D642},
  url = {https://doi.org/10.1093/nar/gkt1244}
}

@ARTICLE{McMurdie2013,
  author = {PJ McMurdie and S Holmes},
  title = {phyloseq: An R Package for Reproducible Interactive Analysis and Graphics of Microbiome Census Data},
  journal = {PLOS ONE},
  year = {2013},
  volume = {8},
  issue = {4},
  pages = {e61217},
  url = {https://doi.org/10.1371/journal.pone.0061217}
}

@ARTICLE{Wright2016,
  author = {ES Wright},
  title = {Using DECIPHER v2.0 to Analyze Big Biological Sequence Data in R},
  journal = {The R Journal},
  year = {2016},
  volume = {8},
  issue = {1},
  pages = {352-359},
  url = {https://bioconductor.org/packages/release/bioc/html/DECIPHER.html}
}

@ARTICLE{Schliep2016,
  author = {KP Schliep},
  title = {Estimating phylogenetic trees with phangorn},
  journal = {Bioinformatics},
  year = {2016},
  volume = {27},
  pages = {592-593},
  url = {https://cran.r-project.org/web/packages/phangorn/vignettes/Trees.pdf}
}

@ARTICLE{Tang2018,
  author = {Y Tang and L Ma and D.L. Nicolae},
  title = {A phylogenetic scan test on a Dirichlet-tree multinomial model for microbiome data},
  journal = {Ann. Appl. Stat},
  year = {2018},
  volume = {12},
  issue = {1},
  pages = {1-26},
  url = {https://doi.org/10.1214/17-AOAS1086}
}

@ARTICLE{Wang2017,
  author = {T Wang and H Zhao},
  title = {A Dirichlet-tree multinomial regression model for associating dietary nutrients with gut microorganisms},
  journal = {Biometrics},
  year = {2017},
  volume = {73},
  issue = {3},
  pages = {792-801},
  url = {https://www.ncbi.nlm.nih.gov/pubmed/28112797}
}

@ARTICLE{Bates2015,
  author = {D Bates and M Machler and B Bolker and S Walker},
  title = {Fitting Linear Mixed-Effects Models Using lme},
  journal = {Journal of Statistical Software},
  year = {2015},
  volume = {67},
  issue = {1},
  pages = {1-48},
  url = {http://dx.doi.org/10.18637/jss.v067.i01}
}

